<?xml version="1.0" encoding="UTF-8"?><collection xmlns="http://www.loc.gov/MARC21/slim"><record><leader>00339nam--2200133-i-4500</leader><controlfield tag="001">000010379</controlfield><controlfield tag="002">20161230</controlfield><controlfield tag="005">20161230201028</controlfield><controlfield tag="008">060222s1000------------r-----000-0-eng-d</controlfield><datafield ind1=" " ind2=" " tag="100"><subfield code="a">Brownell, Lloyd E</subfield></datafield><datafield ind1=" " ind2=" " tag="245"><subfield code="a">Radiation uses in industry and science</subfield></datafield><datafield ind1=" " ind2=" " tag="260"><subfield code="a">Michigan, The University, 1961</subfield></datafield><datafield ind1=" " ind2=" " tag="490"><subfield code="a">Xii + 420 P</subfield></datafield><datafield ind1=" " ind2=" " tag="852"><subfield code="a">621.039.8</subfield></datafield></record></collection>